@article{Dixmier,
    author = {Dixmier, Jacques},
    title = {General Topology [Dixmier, J]},
}

@article{Schwartz,
    author = {L Schwartz},
    title = {Topologie generale et analyse fonctionnelle},
}

@article{Brezis,
    author = {H. Brezis},
    title = {Analyse fonctionnelle},
}
